<?xml version="1.0" encoding="UTF-8"?><collection xmlns="http://www.loc.gov/MARC21/slim"><record><leader>00665nam--2200193-i-4500</leader><controlfield tag="001">000043132</controlfield><controlfield tag="002">20161230</controlfield><controlfield tag="005">20161230201043</controlfield><controlfield tag="008">060222s1000------------r-----000-0-eng-d</controlfield><datafield ind1=" " ind2=" " tag="040"><subfield code="a">IFIN-HH</subfield></datafield><datafield ind1=" " ind2=" " tag="080"><subfield code="a">537.6/8(061.3)</subfield></datafield><datafield ind1="1" ind2=" " tag="100"><subfield code="a">Brechna, H</subfield></datafield><datafield ind1="1" ind2="0" tag="245"><subfield code="a">Magnet technology</subfield><subfield code="b">Proceedings of the interntional symposium on magnet technology stanford linear accelerator center, stanford university, stanfrd, california september 8-10, 1965</subfield><subfield code="c">H. brechna; h.s. gordon</subfield></datafield><datafield ind1=" " ind2=" " tag="260"><subfield code="a">Stanford</subfield><subfield code="b">Stanford Linear Accelerator Center</subfield><subfield code="c">1965</subfield></datafield><datafield ind1=" " ind2=" " tag="300"><subfield code="a">842P</subfield></datafield><datafield ind1=" " ind2=" " tag="490"><subfield code="a">Proceedings</subfield></datafield><datafield ind1=" " ind2=" " tag="700"><subfield code="a">Gordon, H.S</subfield></datafield><datafield ind1=" " ind2=" " tag="852"><subfield code="a">78934</subfield><subfield code="c">537:538</subfield></datafield><datafield ind1=" " ind2=" " tag="CAT"><subfield code="a">Sys</subfield><subfield code="c">20110630</subfield><subfield code="h">125013</subfield></datafield></record></collection>